@misc{1,
author = "Doerte Laing",
title  = "Dish-Stirling-Systeme",
year   = "2002",
howpublished = "\url{http://www.fvee.de/fileadmin/publikationen/Themenhefte/th2002/th2002_02_03.pdf}"}

@misc{waerme,
author = "Wikipedia",
title  = "Spezifische Wärmekapazität",
year   = "2002",
howpublished = "\url{http://de.wikibooks.org/wiki/Tabellensammlung_Chemie/_spezifische_Wärmekapazitäten#Feststoffe}"}

@misc{speicher,
author = "SAENA Gmbh",
title  = "Wärmeatlas Sachsen",
year   = "2012",
howpublished = "\url{http://www.abwaermeatlas-sachsen.de/Technologien/Technologien/Direkte-Waermenutzung/Waermespeiche/Feststoff-und-Fluid-Waermespeicher.html}"}

@misc{beton,
author = "Martin Kölling",
title  = "Neue fantastische Schöpfungen aus Beton",
year   = "2010",
howpublished = "\url{http://www.welt.de/wissenschaft/article7909569/Neue-fantastische-Schoepfungen-aus-Beton.html}"}